@online{mentalHealth,
  author =    {University of Wisconsin},
  title =  {Poor Mental Health Days},
  year = 2024,
  url =    {https://www.countyhealthrankings.org/health-data/health-outcomes/quality-of-life},
  lastaccessed = {April 20, 2024}
}

@online{romem,
  author =    {Issi Romem},
  title =  {A Modest Proposal: How Even Minimal Densification Could Yield Millions of New Homes},
  year = 2019,
  url =    {https://www.zillow.com/research/modest-densification-new-homes-25881/},
  lastaccessed = {April 24, 2024}
}

@online{freemark,
  author =    {Yonah Freemark, Lydia Lo, Eleanor Noble, and Ananya Hariharan},
  title =  {Cracking the Zoning Code},
  year = 2022,
  url =    {https://apps.urban.org/features/advancing-equity-affordability-through-zoning/#home},
  lastaccessed = {April 24, 2024}
}

@online{isqols,
  author = {MIQOLS},
  title =  {United States Quality-of-Life Indicators},
  year = 2020,
  url =    {https://www.miqols.org/toolbox/usqoli.html},
  lastaccessed = {April 24, 2024}
}

@online{kaggle,
  author = {Zacvaughan},
  title =  {City/ZIP/County/FIPS - Quality of Life (US)},
  year = 2023,
  url =    {https://www.kaggle.com/datasets/zacvaughan/cityzipcountyfips-quality-of-life?select=QOLSources.csv},
  lastaccessed = {April 20, 2024}
}

@misc{koordinates,
    author = {Koordinates},
    title = {Koordinates - Discover, Access, and Use Data},
    url = {https://koordinates.com/data/?geotag=global%2Fnorth-america%2Funited-states&q=parcel},
    year = {April 20, 2024}
}

@misc{uscensus,
    author = {U.S. Census Bureau},
    title = {United States Census Bureau},
    url = {https://www.census.gov/},
    year = {April 20, 2024}
}

@online{hertz,
  author = {Daniel Hertz},
  title =  {Great neighborhoods don’t have to be illegal—they’re not elsewhere},
  year = 2015,
  url =    {https://cityobservatory.org/great-neighborhoods-dont-have-to-be-illegal-theyre-not-elsewhere/},
  lastaccessed = {April 20, 2024}
}

@article{zoning,
  author={Zandi, Rahman and Zanganeh, Mehdi and Akbari, Ebrahim},
  title={Zoning and spatial analysis of poverty in urban areas (Case Study: Sabzevar City-Iran)},
  year={2019},
  doi={10.1016/j.jum.2019.09.002},
  url={https://www.sciencedirect.com/science/article/pii/S2226585619301050},
  lastaccessed = {April 20, 2024}
}

@article{history,
  title={An Economic History of Zoning and a Cure for its Exclusionary Effects},
  author={Fischel, William A.},
  year={2003},
  url={https://ssrn.com/abstract=461140},
  lastaccessed = {April 20, 2024}
}
